 @book{rohlfs,  title={Tools of radio astronomy},
   ISBN={9783540851219},  publisher={Springer},  author={Wilson, Thomas L. and
     Rohlfs, Kristen and H\"{u}ttemeister, Susanne},  year={2009},  month={Feb}}


@ARTICLE{bourke1997,
   author = {{Bourke}, T.~L. and {Garay}, G. and {Lehtinen}, K.~K. and {Koehnenkamp}, I. and 
	{Launhardt}, R. and {Nyman}, {L.-A.} and {May}, J. and {Robinson}, G. and 
	{Hyland}, A.~R.},
    title = "{Discovery of a Highly Collimated Molecular Outflow in the Southern BOK Globule BHR 71}",
  journal = {\apj},
 keywords = {ISM: GLOBULES, ISM: INDIVIDUAL ALPHANUMERIC: BHR 71, ISM: JETS AND OUTFLOWS, ISM: STRUCTURE},
     year = 1997,
    month = feb,
   volume = 476,
    pages = {781-+},
      doi = {10.1086/303642},
   adsurl = {http://adsabs.harvard.edu/abs/1997ApJ...476..781B},
  adsnote = {Provided by the SAO/NASA Astrophysics Data System}
}

     
@ARTICLE{garden1991,
   author = {{Garden}, R.~P. and {Hayashi}, M. and {Hasegawa}, T. and {Gatley}, I. and 
	{Kaifu}, N.},
    title = "{A spectroscopic study of the DR 21 outflow source. III - The CO line emission}",
  journal = {\apj},
 keywords = {ASTRONOMICAL SPECTROSCOPY, CARBON ISOTOPES, CARBON MONOXIDE, EMISSION SPECTRA, LINE SPECTRA, ANGULAR RESOLUTION, HIGH RESOLUTION, HYDROGEN RECOMBINATIONS},
     year = 1991,
    month = jun,
   volume = 374,
    pages = {540-554},
      doi = {10.1086/170143},
   adsurl = {http://adsabs.harvard.edu/abs/1991ApJ...374..540G},
  adsnote = {Provided by the SAO/NASA Astrophysics Data System}
}

@ARTICLE{arce2010,
   author = {{Arce}, H.~G. and {Borkin}, M.~A. and {Goodman}, A.~A. and {Pineda}, J.~E. and 
	{Halle}, M.~W.},
    title = "{The COMPLETE Survey of Outflows in Perseus}",
  journal = {\apj},
archivePrefix = "arXiv",
   eprint = {1005.1714},
 primaryClass = "astro-ph.SR",
 keywords = {ISM: clouds, ISM: individual objects: Perseus, ISM: jets and outflows, ISM: kinematics and dynamics, stars: formation, turbulence },
     year = 2010,
    month = jun,
   volume = 715,
    pages = {1170-1190},
      doi = {10.1088/0004-637X/715/2/1170},
   adsurl = {http://adsabs.harvard.edu/abs/2010ApJ...715.1170A},
  adsnote = {Provided by the SAO/NASA Astrophysics Data System}
}

@ARTICLE{arce2001,
   author = {{Arce}, H.~G. and {Goodman}, A.~A.},
    title = "{The Episodic, Precessing Giant Molecular Outflow from IRAS 04239+2436 (HH 300)}",
  journal = {\apj},
   eprint = {arXiv:astro-ph/0103482},
 keywords = {ISM: Clouds, ISM: Herbig-Haro Objects, ISM: individual (B18, HH 300), ISM: Jets and Outflows, Stars: Formation},
     year = 2001,
    month = jun,
   volume = 554,
    pages = {132-151},
      doi = {10.1086/321334},
   adsurl = {http://adsabs.harvard.edu/abs/2001ApJ...554..132A},
  adsnote = {Provided by the SAO/NASA Astrophysics Data System}
}


@ARTICLE{lada1996,
   author = {{Lada}, C.~J. and {Fich}, M.},
    title = "{The Structure and Energetics of a Highly Collimated Bipolar Outflow: NGC 2264G}",
  journal = {\apj},
 keywords = {ISM: INDIVIDUAL NGC NUMBER: NGC 2264, ISM: JETS AND OUTFLOWS, ISM: KINEMATICS AND DYNAMICS, ISM: MOLECULES, SHOCK WAVES},
     year = 1996,
    month = mar,
   volume = 459,
    pages = {638-+},
      doi = {10.1086/176929},
   adsurl = {http://adsabs.harvard.edu/abs/1996ApJ...459..638L},
  adsnote = {Provided by the SAO/NASA Astrophysics Data System}
}


@ARTICLE{Cabrit1990,
   author = {{Cabrit}, S. and {Bertout}, C.},
    title = "{CO line formation in bipolar flows. II - Decelerated outflow case and summary of results}",
  journal = {\apj},
 keywords = {CARBON MONOXIDE, LINE SPECTRA, PRE-MAIN SEQUENCE STARS, ABUNDANCE, MOLECULAR EXCITATION, MOLECULAR FLOW, VELOCITY DISTRIBUTION},
     year = 1990,
    month = jan,
   volume = 348,
    pages = {530-541},
      doi = {10.1086/168261},
   adsurl = {http://adsabs.harvard.edu/abs/1990ApJ...348..530C},
  adsnote = {Provided by the SAO/NASA Astrophysics Data System}
}


@article{Muenter1975,
  author={{Muenter}, J.S.},
  title="Electric dipole moment of carbon monoxide",
  journal={Journal of Molecular Spectroscopy},
  doi={10.1016/0022-2852(75)90287-8},
  year=1975,
  volume=55,
  pages={490},
  note={Is always cited for $\mu=0.122$ debye.}
}

@article{Burrus1958,  title={Stark Effect from 1.1 to 2.6 Millimeters
  Wavelength : PH3, PD3, DI, and CO},  volume={28},
url={http://link.aip.org/link/JCPSA6/v28/i3/p427/s1&Agg=doi},
DOI={10.1063/1.1744151},  number={3},  journal={The Journal of Chemical
  Physics},  author={Burrus, C. A.},  year={1958},  pages={427}}

